Automatically generated by Mendeley 1.7.1
Any changes to this file will be lost if it is regenerated by Mendeley.

@misc{secceff,
author = {NIST},
howpublished = {$\backslash$url\{http://webster.ncnr.nist.gov/resources/n-lengths/\}},
title = {{Neutron scattering lengths and cross sections}},
year = {2003}
}
@article{Smith2012,
author = {Smith, Devin H and Gillett, Geoff and de Almeida, Marcelo P and Branciard, Cyril and Fedrizzi, Alessandro and Weinhold, Till J and Lita, Adriana and Calkins, Brice and Gerrits, Thomas and Wiseman, Howard M and Nam, Sae Woo and White, Andrew G},
doi = {10.1038/ncomms1628},
file = {:home/ib/Documentos/Documentos/Mendeley Desktop/Conclusive quantum steering with superconducting transition-edge sensors. - Smith et al. - 2012.pdf:pdf},
issn = {2041-1723},
journal = {Nature communications},
month = jan,
pages = {625},
pmid = {22233635},
publisher = {Nature Publishing Group},
title = {{Conclusive quantum steering with superconducting transition-edge sensors.}},
url = {http://www.pubmedcentral.nih.gov/articlerender.fcgi?artid=3274704\&tool=pmcentrez\&rendertype=abstract},
volume = {3},
year = {2012}
}
@article{tesqs,
author = {Smith, Devin H and Gillett, Geoff and de Almeida, Marcelo P and Branciard, Cyril and Fedrizzi, Alessandro and Weinhold, Till J and Lita, Adriana and Calkins, Brice and Gerrits, Thomas and Wiseman, Howard M and Nam, Sae Woo and White, Andrew G},
doi = {10.1038/ncomms1628},
file = {:home/ib/Documentos/Documentos/Mendeley Desktop/Conclusive quantum steering with superconducting transition-edge sensors. - Smith et al. - 2012.pdf:pdf},
issn = {2041-1723},
journal = {Nature communications},
month = jan,
pages = {625},
pmid = {22233635},
publisher = {Nature Publishing Group},
title = {{Conclusive quantum steering with superconducting transition-edge sensors.}},
url = {http://www.pubmedcentral.nih.gov/articlerender.fcgi?artid=3274704\&tool=pmcentrez\&rendertype=abstract},
volume = {3},
year = {2012}
}
@article{Xi2004,
author = {Xi, X X and Pogrebnyakov, A V and Zeng, X H and Redwing, J M and Xu, S Y and Li, Qi and Liu, Zi-Kui and Lettieri, J and Vaithyanathan, V and Schlom, D G and Christen, H M and Zhai, H Y and Goyal, A},
doi = {10.1088/0953-2048/17/5/021},
file = {:home/ib/Documentos/Documentos/Mendeley Desktop/Progress in the deposition of MgB2 thin films - Xi et al. - 2004.pdf:pdf},
issn = {0953-2048},
journal = {Superconductor Science and Technology},
month = may,
number = {5},
pages = {S196--S201},
title = {{Progress in the deposition of MgB2 thin films}},
url = {http://stacks.iop.org/0953-2048/17/i=5/a=021?key=crossref.44999d8f6cf1ce95934012fa189913f0},
volume = {17},
year = {2004}
}
@article{Satoh2003,
author = {Satoh, Kazuo and Yotsuya, Tsutomu and Okayasu, Satoru and Hojou, Kiichi and Katagiri, Masaki and Saito, Atsushi and Kawakami, Akira and Shimakage, Hisashi and Wang, Zhen and Ishida, Takekazu},
doi = {10.1016/S0921-4534(03)00991-2},
file = {:home/ib/Documentos/Documentos/Mendeley Desktop//Design of neutron detector by using a novel superconductor MgB2 - Satoh et al. - 2003.pdf:pdf},
journal = {Physica C},
keywords = {electronic devices,film,mgb 2,neutron},
pages = {1501--1503},
title = {{Design of neutron detector by using a novel superconductor MgB2}},
volume = {396},
year = {2003}
}
@article{Ishida2007,
annote = {Impreso
Preguntar
ver referencia 6},
author = {Ishida, T and Nishikawa, M and Miki, S and Shimakage, H and Wang, Z and Satoh, K and Yotsuya, T and Machida, M and Kato, M},
doi = {10.1016/j.physc.2007.04.126},
file = {:home/ib/Documentos/Documentos/Mendeley Desktop//Superconducting radiation detector by using a microfabricated MgB\$\_2\$ meander line - Ishida et al. - 2007.pdf:pdf},
issn = {09214534},
journal = {Physica C: Superconductivity},
month = sep,
pages = {618--619},
title = {{Superconducting radiation detector by using a microfabricated MgB\$\_2\$ meander line}},
url = {http://linkinghub.elsevier.com/retrieve/pii/S0921453407006879},
volume = {460-462},
year = {2007}
}
@incollection{McCammon2005,
author = {Mccammon, D},
booktitle = {Topics of Applied Physics},
chapter = {1},
file = {:home/ib/Documentos/Documentos/Mendeley Desktop/Thermal Equilibrium Calorimeters – An Introduction - Mccammon - 2005.pdf:pdf},
pages = {1--36},
title = {{Thermal Equilibrium Calorimeters – An Introduction}},
volume = {36},
year = {2005}
}
@article{Wu2004,
author = {Wu, Bai-Mei and Yang, Dong-Sheng and Zeng, Wei-Hua and Li, Shi-Yan and Li, Bo and Fan, Rong and Chen, Xian-Hui and Cao, Lie-Zhao and Ausloos, Marcel},
doi = {10.1088/0953-2048/17/12/017},
file = {:home/ib/Documentos/Documentos/Mendeley Desktop/Two-bandgap magneto-thermal conductivity of polycrystalline MgB 2 - Wu et al. - 2004.pdf:pdf},
issn = {0953-2048},
journal = {Superconductor Science and Technology},
month = dec,
number = {12},
pages = {1458--1463},
title = {{Two-bandgap magneto-thermal conductivity of polycrystalline MgB 2}},
url = {http://stacks.iop.org/0953-2048/17/i=12/a=017?key=crossref.36eeef6e5f25ded272d832e33298de26},
volume = {17},
year = {2004}
}
@book{knoll,
author = {Knoll, Glenn F},
edition = {2},
isbn = {0471815047},
pages = {xix, 754 p. :},
publisher = {Wiley, New York :},
title = {{Radiation detection and measurement / Glenn F. Knoll}},
type = {Book},
url = {http://www.loc.gov/catdir/toc/onix05/88026142.html},
year = {1989}
}
@phdthesis{Vinod2010,
author = {{Vinod K.}},
booktitle = {Science And Technology},
doi = {10.4028/www.scientific.net/AMR.117.63},
file = {:home/ib/Documentos/Documentos/Mendeley Desktop/Studies on development of MgB2 superconductor with improved in-field critical current density - Vinod K. - 2010.pdf:pdf},
number = {January},
pages = {20--21},
publisher = {Trans Tech Publ},
title = {{Studies on development of MgB2 superconductor with improved in-field critical current density}},
url = {http://www.scientific.net/AMR.117.63},
volume = {117},
year = {2010}
}
@incollection{McCammon2005,
author = {Mccammon, D},
booktitle = {Topics of Applied Physics},
chapter = {1},
file = {:home/ib/Documentos/Documentos/Mendeley Desktop/Thermal Equilibrium Calorimeters – An Introduction - Mccammon - 2005.pdf:pdf},
pages = {1--36},
title = {{Thermal Equilibrium Calorimeters – An Introduction}},
volume = {36},
year = {2005}
}
@article{Hilton1998,
author = {Hilton, G C and Martinis, J M and Wollman, D A and Irwin, K D and Dulcie, L L and Gerber, D and Gillevet, P M and Twerenbold, D},
issn = {0028-0836},
journal = {Nature},
number = {6668},
pages = {672--675},
title = {{Impact energy measurement in time-of-flight mass spectrometry with cryogenic microcalorimeters.}},
url = {http://www.biomedsearch.com/nih/Impact-energy-measurement-in-time/9490410.html},
volume = {391},
year = {1998}
}
@article{Park2009,
author = {Park, S.C. and Song, K.J. and Kang, S.G. and Lim, Y.J. and Chung, J.-K. and Kim, C.J.},
doi = {10.1016/j.physc.2009.05.220},
file = {:home/ib/Documentos/Documentos/Mendeley Desktop/Fabrication and characterization of superconducting MgB2 thin films grown by rf sputtering and thermal evaporation method - Park et al. - 2009.pdf:pdf},
issn = {09214534},
journal = {Physica C: Superconductivity},
month = oct,
number = {15-20},
pages = {1574--1577},
publisher = {Elsevier B.V.},
title = {{Fabrication and characterization of superconducting MgB2 thin films grown by rf sputtering and thermal evaporation method}},
url = {http://linkinghub.elsevier.com/retrieve/pii/S0921453409003517},
volume = {469},
year = {2009}
}
@incollection{Irwin2005,
author = {Irwin, K D and Hilton, G C},
booktitle = {Topics of Applied Physics},
chapter = {3},
file = {:home/ib/Documentos/Documentos/Mendeley Desktop/Transition-Edge Sensors - Irwin, Hilton - 2005.pdf:pdf},
pages = {63--152},
title = {{Transition-Edge Sensors}},
volume = {99},
year = {2005}
}
@article{Vaglio2002,
annote = {        From Duplicate 2 (                           High-quality MgB2 thin films in situ grown by dc magnetron sputtering                         - R. Vaglio, M. G. Maglione, R. Di Capua; R. Vaglio, M. G. Maglione and R. Di Capua; A. Saito, Akira Kawakami, Hisashi Shimakage and ZhenWang )
                
        From Duplicate 1 (                           High-quality MgB2 thin films in situ grown by dc magnetron sputtering                         - R. Vaglio, M. G. Maglione, R. Di Capua; R. Vaglio, M. G. Maglione and R. Di Capua; A. Saito, Akira Kawakami, Hisashi Shimakage and ZhenWang )
                
        From Duplicate 1 (                           High-quality MgB2 thin films in situ grown by dc magnetron sputtering                         - R. Vaglio, M. G. Maglione, R. Di Capua; R. Vaglio, M. G. Maglione and R. Di Capua; A. Saito, Akira Kawakami, Hisashi Shimakage and ZhenWang )
                
        From Duplicate 4 (                           High-quality MgB2 thin films in situ grown by dc magnetron sputtering                         - R. Vaglio, M. G. Maglione and R. Di Capua )
                
        From Duplicate 3 (                           High-quality MgB2 thin films in situ grown by dc magnetron sputtering                         - R Vaglio, M G Maglione and R Di Capua )
                
Impreso.
        
        
        
        
        
        From Duplicate 2 (                           High-quality MgB2 thin films in situ grown by dc magnetron sputtering                         - R. Vaglio, M. G. Maglione, R. Di Capua )
                
        
        
        
        
        
        
      },
author = {Vaglio, R. and Maglione, M. G. and Capua, R. Di},
file = {:home/ib/Documentos/Documentos/Mendeley Desktop/High-quality MgB2 thin films in situ grown by dc magnetron sputtering - Vaglio, Maglione, Capua - 2002.pdf:pdf},
journal = {Superconductor Science and Technology},
pages = {1236--1239},
title = {{High-quality MgB2 thin films in situ grown by dc magnetron sputtering}},
volume = {15},
year = {2002}
}
@article{Irwin1995,
author = {Irwin, K. D.},
doi = {10.1063/1.113674},
file = {:home/ib/Documentos/Documentos/Mendeley Desktop/An application of electrothermal feedback for high resolution cryogenic particle detection - Irwin - 1995.pdf:pdf},
issn = {00036951},
journal = {Applied Physics Letters},
number = {15},
pages = {1998},
title = {{An application of electrothermal feedback for high resolution cryogenic particle detection}},
url = {http://link.aip.org/link/APPLAB/v66/i15/p1998/s1\&Agg=doi},
volume = {66},
year = {1995}
}
@book{moffatt1981handbook,
author = {Moffatt, W G},
number = {v. 4},
publisher = {General Electric Company, Corporate Research and Development, Technology Marketing Operation},
series = {The Handbook of Binary Phase Diagrams},
title = {{The handbook of binary phase diagrams}},
url = {http://books.google.com.ar/books?id=AqSGTx3\_m0AC},
year = {1981}
}
@inproceedings{MasatoshiNishikawaMasaruKatoMasahikoMachida2008,
author = {Nishikawa, Masatoshi and Kato, Masaru and Machida, Masahiko and Ishida, Takekazu},
booktitle = {8th European Conference on Applied Superconductivity},
doi = {10.1088/1742-6596/97/1/012276},
file = {:home/ib/Documentos/Documentos/Mendeley Desktop//Numerical simulations for signals from MgB2 superconducting detector - Nishikawa et al. - 2008.pdf:pdf},
title = {{Numerical simulations for signals from MgB2 superconducting detector}},
volume = {012276},
year = {2008}
}
@article{Buzea2001,
annote = {        From Duplicate 2 (                   Review of the superconducting properties of MgB2                 - C. Buzea and T. Yamashita )
                
        From Duplicate 2 (                           Review of the superconducting properties of MgB2                         - C. Buzea and T. Yamashita )
                
Impreso.
        
        
        
      },
author = {{C. Buzea and T. Yamashita}},
file = {:home/ib/Documentos/Documentos/Mendeley Desktop/Review of the superconducting properties of MgB2 - C. Buzea and T. Yamashita - 2001.pdf:pdf},
journal = {Superconductor Science and Technology},
pages = {115--146},
title = {{Review of the superconducting properties of MgB2}},
volume = {14},
year = {2001}
}
@article{Saito2002,
author = {Saito, A. and Kawakami, Akira and Shimakage, Hisashi and Wang, Z},
file = {:home/ib/Documentos/Documentos/Mendeley Desktop/As-grown MgB2 thin films deposited on Al2O3 substrates with different crystal planes - Saito et al. - 2002.pdf:pdf},
journal = {Superconductor Science and Technology},
pages = {1325--1329},
title = {{As-grown MgB2 thin films deposited on Al2O3 substrates with different crystal planes}},
volume = {15},
year = {2002}
}
@article{Zhai,
annote = {        From Duplicate 1 (                           Growth mechanism of superconducting MgB2 films prepared by various methods                         - H.Y. Zhai, H.M. Christen, L. Zhang, M. Paranthaman, C. Cantoni, B.C. Sales, P.H. Fleming, D.K. Christen, and D.H. Lowndes )
                
        From Duplicate 1 (                           Growth mechanism of superconducting MgB2 films prepared by various methods                         - H.Y. Zhai, H.M. Christen, L. Zhang, M. Paranthaman, C. Cantoni, B.C. Sales, P.H. Fleming, D.K. Christen, and D.H. Lowndes )
                
        From Duplicate 1 (                           Growth mechanism of superconducting MgB2 films prepared by various methods                         - H.Y. Zhai, H.M. Christen, L. Zhang, M. Paranthaman, C. Cantoni, B.C. Sales, P.H. Fleming, D.K. Christen, and D.H. Lowndes )
                
        
        
        
        
        
        
      },
author = {Zhai, H.Y. and Christen, H.M. and Zhang, L. and Paranthaman, M. and Cantoni, C. and Sales, B.C. and Fleming, P.H. and Christen, D.K. and Lowndes, D.H.},
file = {:home/ib/Documentos/Documentos/Mendeley Desktop/Growth mechanism of superconducting MgB2 films prepared by various methods - Zhai et al. - Unknown. christen: christen},
journal = {Cond-mat/0103618},
pages = {1--16},
title = {{Growth mechanism of superconducting MgB2 films prepared by various methods}}
}
@article{Barrabas2011,
author = {Barrabas, F},
doi = {10.1080/14786435908233340},
journal = {Instituto Balseiro},
title = {{S\'{\i}ntesis y caracterizaci\'{o}n de pel\'{\i}culas de MgB\_2}},
year = {2011}
}
@article{Glassbrenner1964,
author = {Glassbrenner, C. J. and Slack, G. A.},
file = {:home/ib/Documentos/Documentos/Mendeley Desktop//Thermal Conductivity of Silicon and Germanium from 3 K to the Melting Point - Glassbrenner, Slack - 1964.pdf:pdf},
journal = {Physical Review},
number = {4A},
pages = {A1058--A1069},
title = {{Thermal Conductivity of Silicon and Germanium from 3 K to the Melting Point}},
volume = {134},
year = {1964}
}
@book{Sears1964,
author = {Sears, F W and Zemansky, M W},
number = {v. 2},
publisher = {Addison-Wesley Pub. Co.},
series = {Addison-Wesley series in physics},
title = {{University physics}},
url = {http://books.google.es/books?id=zu4yAAAAMAAJ},
year = {1964}
}
@article{Nagamatsu2001,
author = {Nagamatsu, J and Nakagawa, N and Muranaka, T and Zenitani, Y and Akimitsu, J},
doi = {10.1038/35065039},
file = {:home/ib/Documentos/Documentos/Mendeley Desktop/Superconductivity at 39 K in magnesium diboride. - Nagamatsu et al. - 2001.pdf:pdf},
issn = {0028-0836},
journal = {Nature},
month = mar,
number = {6824},
pages = {63--64},
pmid = {11242039},
title = {{Superconductivity at 39 K in magnesium diboride.}},
url = {http://www.ncbi.nlm.nih.gov/pubmed/12906690},
volume = {410},
year = {2001}
}
@article{Naito2004,
archivePrefix = {arXiv},
arxivId = {cond-mat/0402333},
author = {Naito, Michio and Ueda, Kenji},
doi = {10.1088/0953-2048/17/7/R01},
eprint = {0402333},
file = {:home/ib/Documentos/Documentos/Mendeley Desktop/Growth and Properties of Superconducting MgB2 Thin Films - Naito, Ueda - 2004.pdf:pdf},
issn = {0953-2048},
journal = {Superconductor Science and Technology},
keywords = {Superconductivity},
month = feb,
number = {7},
pages = {48},
primaryClass = {cond-mat},
title = {{Growth and Properties of Superconducting MgB2 Thin Films}},
url = {http://stacks.iop.org/0953-2048/17/i=7/a=R01?key=crossref.1acc5dcdcbab564a86e1cfe6fa09bdc8 http://arxiv.org/abs/cond-mat/0402333},
volume = {17},
year = {2004}
}
@book{squires,
author = {Squires, G L},
isbn = {0521218845},
pages = {vii, 260 p. :},
publisher = {Cambridge University Press, Cambridge ; New York :},
title = {{Introduction to the theory of thermal neutron scattering}},
type = {Book},
year = {1978}
}
@article{rovsT,
author = {Nagamatsu, J and Nakagawa, N and Muranaka, T and Zenitani, Y and Akimitsu, J},
doi = {10.1038/35065039},
file = {:home/ib/Documentos/Documentos/Mendeley Desktop/Superconductivity at 39 K in magnesium diboride. - Nagamatsu et al. - 2001.pdf:pdf},
issn = {0028-0836},
journal = {Nature},
month = mar,
number = {6824},
pages = {63--4},
pmid = {11242039},
title = {{Superconductivity at 39 K in magnesium diboride.}},
url = {http://www.ncbi.nlm.nih.gov/pubmed/12906690},
volume = {410},
year = {2001}
}
@article{Andrews1949,
author = {Andrews, D H and Fowler, R D and Williams, M C},
doi = {10.1103/PhysRev.76.154.2},
journal = {Phys. Rev.},
month = jul,
number = {1},
pages = {154--155},
publisher = {American Physical Society},
title = {{The Effect of Alpha-particles on a Superconductor}},
url = {http://link.aps.org/doi/10.1103/PhysRev.76.154.2},
volume = {76},
year = {1949}
}
@article{Andrews1942,
author = {Andrews, D H and {W. F. Brucksch}, Jr. and Ziegler, W T and Blanchard, E R},
doi = {10.1063/1.1770037},
journal = {Review of Scientific Instruments},
number = {7},
pages = {281--292},
publisher = {AIP},
title = {{Attenuated Superconductors I. For Measuring Infra-Red Radiation}},
url = {http://link.aip.org/link/?RSI/13/281/1},
volume = {13},
year = {1942}
}
@article{Kim2003,
author = {Kim, Jihoon and Singh, R.K. and Newman, N. and Rowell, J.M.},
doi = {10.1109/TASC.2003.812210},
file = {:home/ib/Documentos/Documentos/Mendeley Desktop/Thermochemistry of MgB2 thin film synthesis - Kim et al. - 2003.pdf:pdf},
issn = {1051-8223},
journal = {IEEE Transactions on Appiled Superconductivity},
month = jun,
number = {2},
pages = {3238--3241},
title = {{Thermochemistry of MgB2 thin film synthesis}},
url = {http://ieeexplore.ieee.org/lpdocs/epic03/wrapper.htm?arnumber=1212315},
volume = {13},
year = {2003}
}
@article{Zink2004,
author = {Zink, B.L. and Hellman, F.},
doi = {10.1016/j.ssc.2003.08.048},
file = {:home/ib/Documentos/Documentos/Mendeley Desktop/Specific heat and thermal conductivity of low-stress amorphous Si–N membranes - Zink, Hellman - 2004.pdf:pdf},
issn = {00381098},
journal = {Solid State Communications},
keywords = {a,d,disordered systems,heat conduction,thin films},
month = jan,
number = {3},
pages = {199--204},
title = {{Specific heat and thermal conductivity of low-stress amorphous Si–N membranes}},
url = {http://linkinghub.elsevier.com/retrieve/pii/S0038109803008391},
volume = {129},
year = {2004}
}
@book{incropera,
author = {Incropera, F P},
isbn = {9780471457282},
number = {v. 1},
publisher = {John Wiley},
series = {Fundamentals of Heat and Mass Transfer},
title = {{Fundamentals of heat and mass transfer}},
url = {http://books.google.com.ar/books?id=\_P9QAAAAMAAJ},
year = {2007}
}
@article{Miki2006,
author = {Miki, Shigehito and Fujiwara, Daisuke and {Hisashi Shimakage}, Zhen Wang and {Kazuo Satoh, Tsutomu Yotsuya}, Takekazu Ishida},
doi = {10.1016/j.nima.2005.12.130},
file = {:home/ib/Documentos/Documentos/Mendeley Desktop//Superconducting characteristics of a MgB2 neutron detector fabricated on SiN membrane - Miki et al. - 2006.pdf:pdf},
journal = {Nuclear Instruments and Methods in Physics Research},
keywords = {membrane structure,mgb 2 thin films,neutron detector,superconducting detector},
pages = {763--765},
title = {{Superconducting characteristics of a MgB2 neutron detector fabricated on SiN membrane}},
volume = {559},
year = {2006}
}
@article{Bauer2001,
annote = {        From Duplicate 1 (                           Thermal conductivity of superconducting MgB\$\_2\$                         - E. Bauer, Ch. Paul, St. Berger, S. Majumdar, H. Michor, M. Giovannini, A. Saccone, A. Bianconi )
                
        From Duplicate 1 (                           Thermal conductivity of superconducting MgB2                         - E. Bauer, Ch. Paul, St. Berger, S. Majumdar, H. Michor, M. Giovannini, A. Saccone, A. Bianconi; E Bauer, Ch. Paul, St. Berger, S Majumdar, H Michor, M Giovannini, A Saccone and A Bianconi )
                
        From Duplicate 1 (                           Thermal conductivity of superconducting MgB2                         - E Bauer, Ch. Paul, St. Berger, S Majumdar, H Michor, M Giovannini, A Saccone and A Bianconi )
                
        From Duplicate 1 (                           Thermal conductivity of superconducting MgB2                         - E Bauer, Ch. Paul, St. Berger, S Majumdar, H Michor, M Giovannini, A Saccone and A Bianconi )
                
        
        
        
        
        
        
        
        
      },
author = {Bauer, E. and Paul, Ch. and Berger, St. and Majumdar, S. and Michor, H. and Giovannini, M. and Saccone, A. and Bianconi, A.},
journal = {Journal of Physics: Condensed matter},
pages = {L487--493},
title = {{Thermal conductivity of superconducting MgB2}},
volume = {13},
year = {2001}
}
@article{det3,
author = {{Shigehito Miki, Daisuke Fujiwara, Hisashi Shimakage}, Zhen Wang and {Shigehito Mikia, Ken’ichi Takahashia, Daisuke Fujiwara, Yukio Moriia, Kiichi Hojoua, Nobuo Niimuraa}, Takekazu Ishidaa},
doi = {10.1016/j.nima.2004.05.021},
file = {:home/ib/Documentos/Documentos/Mendeley Desktop//Nanofabrication of superconducting MgB2 neutron detector - Shigehito Miki, Daisuke Fujiwara, Hisashi Shimakage, Shigehito Mikia, Ken’ichi Takahashia, Daisuke Fujiwara, Yukio Moriia, Kiichi Hojoua, Nobuo Niimuraa - 2004.pdf:pdf},
journal = {Nuclear Instruments and Methods in Physics Research},
keywords = {meander line,mgb 2 thin films,superconducting electronics},
pages = {405--408},
title = {{Nanofabrication of superconducting MgB2 neutron detector}},
volume = {529},
year = {2004}
}
@article{Putti2003,
annote = {De aca saque el cp del mgb2},
author = {Putti, M. and Affronte, M. and Manfrinetti, P. and Palenzona, A.},
doi = {10.1103/PhysRevB.68.094514},
file = {:home/ib/Documentos/Documentos/Mendeley Desktop/Effects of Al doping on the normal and superconducting properties of MgB2 A specific heat study - Putti et al. - 2003.pdf:pdf},
issn = {0163-1829},
journal = {Physical Review B},
month = sep,
number = {9},
pages = {1--6},
title = {{Effects of Al doping on the normal and superconducting properties of MgB2: A specific heat study}},
url = {http://link.aps.org/doi/10.1103/PhysRevB.68.094514},
volume = {68},
year = {2003}
}
@article{Machida2004,
author = {Machida, Masahiko and Koyama, Tomio and Kato, Masaru and Ishida, Takekazu},
doi = {10.1016/j.nima.2004.05.022},
file = {:home/ib/Documentos/Documentos/Mendeley Desktop/Direct numerical experiments for neutron detection using superconductor MgB2 - Machida et al. - 2004.pdf:pdf},
issn = {01689002},
journal = {Nuclear Instruments and Methods in Physics Research Section A: Accelerators, Spectrometers, Detectors and Associated Equipment},
keywords = {computer simulation,mgb 2,neutron detection,superconducting dynamics},
month = aug,
number = {1-3},
pages = {409--412},
title = {{Direct numerical experiments for neutron detection using superconductor MgB2}},
url = {http://linkinghub.elsevier.com/retrieve/pii/S0168900204009386},
volume = {529},
year = {2004}
}
@book{Ekin2006,
author = {Ekin, J},
isbn = {9780198570547},
publisher = {Oxford University Press, USA},
title = {{Experimental Techniques: Cryostat Design, Material Properties and Superconductor Critical-Current Testing}},
url = {http://books.google.com.ar/books?id=Q9tmZQTDPiYC},
year = {2006}
}
@article{Flubacher1959,
author = {Flubacher, P and Leadbetter, A J and Morrison, J A},
doi = {10.1080/14786435908233340},
journal = {Philosophical Magazine},
number = {39},
pages = {273--294},
title = {{The heat capacity of pure silicon and germanium and properties of their vibrational frequency spectra}},
url = {http://www.tandfonline.com/doi/abs/10.1080/14786435908233340},
volume = {4},
year = {1959}
}
@article{Lui2003,
author = {Liu, C},
doi = {10.1016/S0921-4534(02)02170-6},
file = {:home/ib/Documentos/Documentos/Mendeley Desktop/Effect of heat-treatment temperatures on density and porosity in MgB2 superconductor - Liu - 2003.pdf:pdf},
issn = {09214534},
journal = {Physica C: Superconductivity},
keywords = {density,mgb 2,porosity},
month = apr,
pages = {603--606},
title = {{Effect of heat-treatment temperatures on density and porosity in MgB2 superconductor}},
url = {http://linkinghub.elsevier.com/retrieve/pii/S0921453402021706},
volume = {386},
year = {2003}
}
@article{He2002,
author = {He, T. and Cava, R. J. and Rowell, John M.},
doi = {10.1063/1.1433915},
file = {:home/ib/Documentos/Documentos/Mendeley Desktop/Reactivity of MgB2 with common substrate and electronic materials - He, Cava, Rowell - 2002.pdf:pdf},
issn = {00036951},
journal = {Applied Physics Letters},
number = {2},
pages = {291--293},
title = {{Reactivity of MgB2 with common substrate and electronic materials}},
url = {http://link.aip.org/link/APPLAB/v80/i2/p291/s1\&Agg=doi},
volume = {80},
year = {2002}
}
@article{Bardeen1957,
author = {Bardeen, J and Cooper, L N and Schrieffer, J R},
doi = {10.1103/PhysRev.108.1175},
journal = {Phys. Rev.},
number = {5},
pages = {1175--1204},
publisher = {American Physical Society},
title = {{Theory of Superconductivity}},
url = {http://link.aps.org/doi/10.1103/PhysRev.108.1175},
volume = {108},
year = {1957}
}
