@book{tes,
  title={Cryogenic Particle Detection},
  author={Enss, C.},
  isbn={9783540201137},
  lccn={2005921508},
  series={Topics in Applied Physics},
  url={http://books.google.com.ar/books?id=zUxm2EHppcwC},
  year={2005},
  publisher={Springer}
}
