@book{hahn2005international,
  title={International Tables for Crystallography, Space-Group Symmetry},
  author={Hahn, T.},
  isbn={9780470689080},
  lccn={83003416},
  series={International Tables for Crystallography},
  url={https://books.google.com.ar/books?id=5sdoAQAACAAJ},
  year={2005},
  publisher={Wiley}
}
