@Book{ knoll,
author = { Knoll, Glenn F. },
title = { Radiation detection and measurement / Glenn F. Knoll },
edition = { 2 },
isbn = { 0471815047 },
publisher = { Wiley, New York : },
pages = { xix, 754 p. : },
year = { 1989 },
type = { Book },
url = { http://www.loc.gov/catdir/toc/onix05/88026142.html },
language = { English },
subjects = { Nuclear counters.; Radiation - Measurement. },
life-dates = { 1989 -  },
catalogue-url = { http://nla.gov.au/nla.cat-vn179294 },
}
