Automatically generated by Mendeley 1.6
Any changes to this file will be lost if it is regenerated by Mendeley.

@misc{secceff,
author = {NIST},
howpublished = {$\backslash$url\{http://webster.ncnr.nist.gov/resources/n-lengths/\}},
title = {{Neutron scattering lengths and cross sections}},
year = {2003}
}
@book{seara,
author = {Sears, F W and Zemansky, M W},
number = {v. 2},
publisher = {Addison-Wesley Pub. Co.},
series = {Addison-Wesley series in physics},
title = {{University physics}},
url = {http://books.google.es/books?id=zu4yAAAAMAAJ},
year = {1964}
}
@book{squires,
author = {Squires, G L},
isbn = {0521218845},
pages = {vii, 260 p. :},
publisher = {Cambridge University Press, Cambridge ; New York :},
title = {{Introduction to the theory of thermal neutron scattering / G. L. Squires}},
type = {Book},
year = {1978}
}
@book{saf,
author = {Ekin, J},
isbn = {9780198570547},
publisher = {Oxford University Press, USA},
title = {{Experimental Techniques: Cryostat Design, Material Properties and Superconductor Critical-Current Testing}},
url = {http://books.google.com.ar/books?id=Q9tmZQTDPiYC},
year = {2006}
}
@book{incropera,
author = {Incropera, F P},
isbn = {9780471457282},
number = {v. 1},
publisher = {John Wiley},
series = {Fundamentals of Heat and Mass Transfer},
title = {{Fundamentals of heat and mass transfer}},
url = {http://books.google.com.ar/books?id=\_P9QAAAAMAAJ},
year = {2007}
}
@book{knoll,
author = {Knoll, Glenn F},
edition = {2},
isbn = {0471815047},
pages = {xix, 754 p. :},
publisher = {Wiley, New York :},
title = {{Radiation detection and measurement / Glenn F. Knoll}},
type = {Book},
url = {http://www.loc.gov/catdir/toc/onix05/88026142.html},
year = {1989}
}
