Automatically generated by Mendeley 1.6
Any changes to this file will be lost if it is regenerated by Mendeley.

@article{ishidasuperdet,
author = {Ishida, Takekazu and Nishikawa, Masatoshi and Fujita, Yoshifumi and Okayasu, Satoru and Katagiri, Masaki and Satoh, Kazuo and Yotsuya, Tsutomu and Shimakage, Hisashi and Miki, Shigehito and Wang, Zhen and Machida, Masahiko and Kano, Takuma and Kato, Masaru},
doi = {10.1007/s10909-008-9790-x},
file = {:home/benattie/Documentos/Mendeley Desktop/Superconducting MgB$_2$ Thin Film Detector for Neutrons - Ishida et al.pdf:pdf},
issn = {0022-2291},
journal = {Journal of Low Temperature Physics},
keywords = {-b,-v,1-1 gakuen-cho,20,70,74,department of physics and,detector,electronics,fujita,ishida,m,mgb 2,naka-ku,neutron,nishikawa,osaka prefecture university,pacs 28,superconductivity,t,y},
month = jan,
number = {3-4},
pages = {1074--1079},
title = {{Superconducting MgB$_2$ Thin Film Detector for Neutrons}},
url = {http://www.springerlink.com/index/10.1007/s10909-008-9790-x},
volume = {151},
year = {2008}
}
@article{det2,
annote = {Impreso
Preguntar
ver referencia 6},
author = {Ishida, T and Nishikawa, M and Miki, S and Shimakage, H and Wang, Z and Satoh, K and Yotsuya, T and Machida, M and Kato, M},
doi = {10.1016/j.physc.2007.04.126},
file = {:home/benattie/Documentos/Mendeley Desktop/Superconducting radiation detector by using a microfabricated MgB$_2$ meander line - Ishida et al.pdf:pdf},
issn = {09214534},
journal = {Physica C: Superconductivity},
month = sep,
pages = {618--619},
title = {{Superconducting radiation detector by using a microfabricated MgB$_2$ meander line}},
url = {http://linkinghub.elsevier.com/retrieve/pii/S0921453407006879},
volume = {460-462},
year = {2007}
}
@article{mgb2den,
author = {Liu, C},
doi = {10.1016/S0921-4534(02)02170-6},
file = {:home/benattie/Documentos/Mendeley Desktop/Effect of heat-treatment temperatures on density and porosity in MgB$_2$ superconductor - Liu.pdf:pdf},
issn = {09214534},
journal = {Physica C: Superconductivity},
keywords = {density,mgb 2,porosity},
month = apr,
pages = {603--606},
title = {{Effect of heat-treatment temperatures on density and porosity in MgB$_2$ superconductor}},
url = {http://linkinghub.elsevier.com/retrieve/pii/S0921453402021706},
volume = {386},
year = {2003}
}
@article{crec1,
annote = {
        From Duplicate 1 ( 
        
        
          High-quality MgB2 thin films in situ grown by dc magnetron sputtering
        
        
         - R. Vaglio, M. G. Maglione, R. Di Capua; R. Vaglio, M. G. Maglione and R. Di Capua; A. Saito, Akira Kawakami, Hisashi Shimakage and ZhenWang )

        
        

        From Duplicate 1 ( 
        
        
          High-quality MgB2 thin films in situ grown by dc magnetron sputtering
        
        
         - R. Vaglio, M. G. Maglione, R. Di Capua; R. Vaglio, M. G. Maglione and R. Di Capua; A. Saito, Akira Kawakami, Hisashi Shimakage and ZhenWang )

        
        

        From Duplicate 4 ( 
        
        
          High-quality MgB2 thin films in situ grown by dc magnetron sputtering
        
        
         - R. Vaglio, M. G. Maglione and R. Di Capua )

        
        

        From Duplicate 3 ( 
        
        
          High-quality MgB2 thin films in situ grown by dc magnetron sputtering
        
        
         - R Vaglio, M G Maglione and R Di Capua )

        
        
Impreso.

        

        

        

        

        

        From Duplicate 2 ( 
        
        
          High-quality MgB2 thin films in situ grown by dc magnetron sputtering
        
        
         - R. Vaglio, M. G. Maglione, R. Di Capua )

        
        

        

        

        

        

      },
author = {{R. Vaglio, M. G. Maglione}, R. Di Capua and {R. Vaglio}, M. G. Maglione and R. Di Capua and {A. Saito, Akira Kawakami}, Hisashi Shimakage and ZhenWang},
file = {:home/benattie/Documentos/Mendeley Desktop//High-quality MgB2 thin films in situ grown by dc magnetron sputtering - R. Vaglio, M. G. Maglione, R. Vaglio, A. Saito, Akira Kawakami.pdf:pdf;:home/benattie/Documentos/Mendeley Desktop//High-quality MgB2 thin films in situ grown by dc magnetron sputtering - R. Vaglio, M. G. Maglione, R. Vaglio, A. Saito, Akira Kawakami.pdf:pdf},
journal = {Superconductor Science and Technology},
pages = {1236--1239},
title = {{High-quality MgB2 thin films in situ grown by dc magnetron sputtering}},
volume = {15},
year = {2002}
}
@article{SiK,
annote = {
        From Duplicate 1 ( 
        
        
          Thermal Conductivity of Silicon and Germanium from 3 K to the Melting Point
        
        
         - C. J. Glassbrenner, G. A. Slack )

        
        

        From Duplicate 1 ( 
        
        
          Thermal Conductivity of Silicon and Germanium from 3 ºK to the Melting Point
        
        
         - C. J. Glassbrenner, G. A. Slack )

        
        

        

        

        

        

      },
author = {{C. J. Glassbrenner}, G. A. Slack},
journal = {Physical Review},
number = {4A},
pages = {A1058--A1069},
title = {{Thermal Conductivity of Silicon and Germanium from 3 K to the Melting Point}},
volume = {134},
year = {1964}
}
@inproceedings{numsim,
author = {{Masatoshi Nishikawa, Masaru Kato, Masahiko Machida}, Takekazu Ishida},
booktitle = {Journal of Physics: Conference Series},
doi = {10.1088/1742-6596/97/1/012276},
file = {:home/benattie/Documentos/Mendeley Desktop/Numerical simulations for signals from MgB2 superconducting detector - Masatoshi Nishikawa, Masaru Kato, Masahiko Machida.pdf:pdf},
pages = {012276},
title = {{Numerical simulations for signals from MgB2 superconducting detector}},
volume = {012276},
year = {2008}
}
@article{Hereactivity,
author = {He, T. and Cava, R. J. and Rowell, John M.},
doi = {10.1063/1.1433915},
file = {:home/benattie/Documentos/Mendeley Desktop//Reactivity of MgB2 with common substrate and electronic materials - He, Cava, Rowell.pdf:pdf},
issn = {00036951},
journal = {Applied Physics Letters},
number = {2},
pages = {291--293},
title = {{Reactivity of MgB2 with common substrate and electronic materials}},
url = {http://link.aip.org/link/APPLAB/v80/i2/p291/s1&Agg=doi},
volume = {80},
year = {2002}
}
@article{noise,
author = {Irwin, K. D.},
doi = {10.1063/1.113674},
file = {:home/benattie/Documentos/Mendeley Desktop/An application of electrothermal feedback for high resolution cryogenic particle detection - Irwin.pdf:pdf},
issn = {00036951},
journal = {Applied Physics Letters},
number = {15},
pages = {1998},
title = {{An application of electrothermal feedback for high resolution cryogenic particle detection}},
url = {http://link.aip.org/link/APPLAB/v66/i15/p1998/s1&Agg=doi},
volume = {66},
year = {1995}
}
@incollection{tes1,
author = {Mccammon, D},
booktitle = {Topics of Applied Physics},
chapter = {1},
file = {:home/benattie/Documentos/Mendeley Desktop/Thermal Equilibrium Calorimeters – An Introduction - Mccammon.pdf:pdf},
pages = {1--36},
title = {{Thermal Equilibrium Calorimeters – An Introduction}},
volume = {36},
year = {2005}
}
@phdthesis{intro,
author = {{Vinod K.}},
booktitle = {Science And Technology},
doi = {10.4028/www.scientific.net/AMR.117.63},
file = {:home/benattie/Documentos/Mendeley Desktop/Studies on development of MgB2 superconductor with improved in-field critical current density - Vinod K.pdf:pdf},
number = {January},
pages = {63--68},
publisher = {Trans Tech Publ},
title = {{Studies on development of MgB2 superconductor with improved in-field critical current density}},
url = {http://www.scientific.net/AMR.117.63},
volume = {117},
year = {2010}
}
@article{zhaigrowthmec,
annote = {
        From Duplicate 2 ( 
        
        
          Growth mechanism of superconducting MgB2 films prepared by various methods
        
        
         - H.Y. Zhai, H.M. Christen, L. Zhang, M. Paranthaman, C. Cantoni, B.C. Sales, P.H. Fleming, D.K. Christen, and D.H. Lowndes; Zhang, Xiang; Zhai, B Y )

        
        

        From Duplicate 1 ( 
        
        
          Growth mechanism of superconducting MgB2 films prepared by various methods
        
        
         - Zhang, Xiang; Zhai, B Y )
And  Duplicate 3 ( 
        
        
          Growth mechanism of superconducting MgB2 films prepared by various methods
        
        
         - H.Y. Zhai, H.M. Christen, L. Zhang, M. Paranthaman, C. Cantoni, B.C. Sales, P.H. Fleming, D.K. Christen, and D.H. Lowndes )

        
        

        

        

        From Duplicate 2 ( 
        
        
          Growth mechanism of superconducting MgB2 films prepared by various methods
        
        
         - H.Y. Zhai, H.M. Christen, L. Zhang, M. Paranthaman, C. Cantoni, B.C. Sales, P.H. Fleming, D.K. Christen, and D.H. Lowndes )

        
        

        From Duplicate 2 ( 
        
        
          Growth mechanism of superconducting MgB2 films prepared by various methods
        
        
         - H.Y. Zhai, H.M. Christen, L. Zhang, M. Paranthaman, C. Cantoni, B.C. Sales, P.H. Fleming, D.K. Christen, and D.H. Lowndes )

        
        

        From Duplicate 1 ( 
        
        
          Growth mechanism of superconducting MgB2 films prepared by various methods
        
        
         - H.Y. Zhai, H.M. Christen, L. Zhang, M. Paranthaman, C. Cantoni, B.C. Sales, P.H. Fleming, D.K. Christen, and D.H. Lowndes )

        
        

        From Duplicate 1 ( 
        
        
          Growth mechanism of superconducting MgB2 films prepared by various methods
        
        
         - H.Y. Zhai, H.M. Christen, L. Zhang, M. Paranthaman, C. Cantoni, B.C. Sales, P.H. Fleming, D.K. Christen, and D.H. Lowndes )

        
        

        From Duplicate 1 ( 
        
        
          Growth mechanism of superconducting MgB2 films prepared by various methods
        
        
         - H.Y. Zhai, H.M. Christen, L. Zhang, M. Paranthaman, C. Cantoni, B.C. Sales, P.H. Fleming, D.K. Christen, and D.H. Lowndes )

        
        

        

        

        

        

        

        

        

        

        

        

        

        

      },
author = {{H.Y. Zhai, H.M. Christen, L. Zhang, M. Paranthaman, C. Cantoni, B.C. Sales, P.H. Fleming, D.K. Christen}, and D.H. Lowndes and Zhang, Xiang and Zhai, B Y},
file = {:home/benattie/Documentos/Mendeley Desktop/Growth mechanism of superconducting MgB$_2$ films prepared by various methods - H.Y. Zhai, H.M. Christen, L. Zhang, M. Paranthaman, C. Cantoni, B.C. Sales, P.H. Fleming, D.K. Christen, Zhang, Zhai.pdf:pdf;:home/benattie/Documentos/Mendeley Desktop/Growth mechanism of superconducting MgB2 films prepared by various methods - H.Y. Zhai, H.M. Christen, L. Zhang, M. Paranthaman, C. Cantoni, B.C. Sales, P.H. Fleming, D.K. Christen, Zhang, Zhai.pdf:pdf},
journal = {Cond-mat/0103618},
number = {February},
pages = {1--16},
title = {{Growth mechanism of superconducting MgB$_2$ films prepared by various methods}},
volume = {66},
year = {1995}
}
@article{tesqs,
author = {Smith, Devin H and Gillett, Geoff and de Almeida, Marcelo P and Branciard, Cyril and Fedrizzi, Alessandro and Weinhold, Till J and Lita, Adriana and Calkins, Brice and Gerrits, Thomas and Wiseman, Howard M and Nam, Sae Woo and White, Andrew G},
doi = {10.1038/ncomms1628},
file = {:home/benattie/Documentos/Mendeley Desktop/Conclusive quantum steering with superconducting transition-edge sensors. - Smith et al.pdf:pdf},
issn = {2041-1723},
journal = {Nature communications},
month = jan,
pages = {625},
pmid = {22233635},
publisher = {Nature Publishing Group},
title = {{Conclusive quantum steering with superconducting transition-edge sensors.}},
url = {http://www.pubmedcentral.nih.gov/articlerender.fcgi?artid=3274704&tool=pmcentrez&rendertype=abstract},
volume = {3},
year = {2012}
}
@article{mgb2cp,
annote = {De aca saque el cp del mgb2},
author = {Putti, M. and Affronte, M. and Manfrinetti, P. and Palenzona, A.},
doi = {10.1103/PhysRevB.68.094514},
file = {:home/benattie/Documentos/Mendeley Desktop/Effects of Al doping on the normal and superconducting properties of MgB2 A specific heat study - Putti et al.pdf:pdf},
issn = {0163-1829},
journal = {Physical Review B},
month = sep,
number = {9},
pages = {1--6},
title = {{Effects of Al doping on the normal and superconducting properties of MgB2: A specific heat study}},
url = {http://link.aps.org/doi/10.1103/PhysRevB.68.094514},
volume = {68},
year = {2003}
}
@article{mgb2K2,
annote = {De aca saque la cond termica del Mgb2},
author = {Wu, Bai-Mei and Yang, Dong-Sheng and Zeng, Wei-Hua and Li, Shi-Yan and Li, Bo and Fan, Rong and Chen, Xian-Hui and Cao, Lie-Zhao and Ausloos, Marcel},
doi = {10.1088/0953-2048/17/12/017},
file = {:home/benattie/Documentos/Mendeley Desktop/Two-bandgap magneto-thermal conductivity of polycrystalline MgB 2 - Wu et al.pdf:pdf},
issn = {0953-2048},
journal = {Superconductor Science and Technology},
month = dec,
number = {12},
pages = {1458--1463},
title = {{Two-bandgap magneto-thermal conductivity of polycrystalline MgB 2}},
url = {http://stacks.iop.org/0953-2048/17/i=12/a=017?key=crossref.36eeef6e5f25ded272d832e33298de26},
volume = {17},
year = {2004}
}
@article{rovsT,
author = {Nagamatsu, J and Nakagawa, N and Muranaka, T and Zenitani, Y and Akimitsu, J},
doi = {10.1038/35065039},
file = {:home/benattie/Documentos/Mendeley Desktop/Superconductivity at 39 K in magnesium diboride. - Nagamatsu et al.pdf:pdf},
issn = {0028-0836},
journal = {Nature},
month = mar,
number = {6824},
pages = {63--4},
pmid = {11242039},
title = {{Superconductivity at 39 K in magnesium diboride.}},
url = {http://www.ncbi.nlm.nih.gov/pubmed/12906690},
volume = {410},
year = {2001}
}
@article{mgb2K,
annote = {
        From Duplicate 1 ( 
        
        
          Thermal conductivity of superconducting MgB2
        
        
         - E. Bauer, Ch. Paul, St. Berger, S. Majumdar, H. Michor, M. Giovannini, A. Saccone, A. Bianconi; E Bauer, Ch. Paul, St. Berger, S Majumdar, H Michor, M Giovannini, A Saccone and A Bianconi )

        
        

        From Duplicate 1 ( 
        
        
          Thermal conductivity of superconducting MgB2
        
        
         - E Bauer, Ch. Paul, St. Berger, S Majumdar, H Michor, M Giovannini, A Saccone and A Bianconi )

        
        

        From Duplicate 1 ( 
        
        
          Thermal conductivity of superconducting MgB2
        
        
         - E Bauer, Ch. Paul, St. Berger, S Majumdar, H Michor, M Giovannini, A Saccone and A Bianconi )

        
        

        

        

        

        

        

        

      },
author = {{E. Bauer, Ch. Paul, St. Berger, S. Majumdar, H. Michor, M. Giovannini, A. Saccone}, A. Bianconi},
journal = {Journal of Physics: Condensed matter},
pages = {L487--493},
title = {{Thermal conductivity of superconducting MgB$_2$}},
volume = {13},
year = {2001}
}
@article{rev,
author = {{C. Buzea and T. Yamashita}},
file = {:home/benattie/Documentos/Mendeley Desktop/Review of the superconducting properties of MgB2 - C. Buzea and T. Yamashita.pdf:pdf},
journal = {Superconductor Science and Technology},
pages = {115--146},
title = {{Review of the superconducting properties of MgB2}},
volume = {14},
year = {2001}
}
@incollection{tes3,
author = {Irwin, K D and Hilton, G C},
booktitle = {Topics of Applied Physics},
chapter = {3},
file = {:home/benattie/Documentos/Mendeley Desktop/Transition-Edge Sensors - Irwin, Hilton.pdf:pdf},
pages = {63--152},
title = {{Transition-Edge Sensors}},
volume = {99},
year = {2005}
}
@article{shigeitosupercaract,
author = {{Shigehito Miki, Daisuke Fujiwara, Hisashi Shimakage}, Zhen Wang and {Kazuo Satoh, Tsutomu Yotsuya}, Takekazu Ishida},
doi = {10.1016/j.nima.2005.12.130},
file = {:home/benattie/Documentos/Mendeley Desktop/Superconducting characteristics of a MgB2 neutron detector fabricated on SiN membrane - Shigehito Miki, Daisuke Fujiwara, Hisashi Shimakage, Kazuo Satoh, Tsutomu Yotsuya.pdf:pdf},
journal = {Nuclear Instruments and Methods in Physics Research},
keywords = {membrane structure,mgb 2 thin films,neutron detector,superconducting detector},
pages = {763--765},
title = {{Superconducting characteristics of a MgB2 neutron detector fabricated on SiN membrane}},
volume = {559},
year = {2006}
}
@article{det1,
author = {Satoh, Kazuo and Yotsuya, Tsutomu and Okayasu, Satoru and Hojou, Kiichi and Katagiri, Masaki and Saito, Atsushi and Kawakami, Akira and Shimakage, Hisashi and Wang, Zhen and Ishida, Takekazu},
doi = {10.1016/S0921-4534(03)00991-2},
file = {:home/benattie/Documentos/Mendeley Desktop/Design of neutron detector by using a novel superconductor MgB 2 - Satoh et al.pdf:pdf},
journal = {Physica C},
keywords = {electronic devices,film,mgb 2,neutron},
pages = {1501--1503},
title = {{Design of neutron detector by using a novel superconductor MgB 2}},
volume = {396},
year = {2003}
}
@article{det3,
author = {{Shigehito Miki, Daisuke Fujiwara, Hisashi Shimakage}, Zhen Wang and {Shigehito Mikia, Ken’ichi Takahashia, Daisuke Fujiwara, Yukio Moriia, Kiichi Hojoua, Nobuo Niimuraa}, Takekazu Ishidaa},
doi = {10.1016/j.nima.2004.05.021},
file = {:home/benattie/Documentos/Mendeley Desktop//Nanofabrication of superconducting MgB2 neutron detector - Shigehito Miki, Daisuke Fujiwara, Hisashi Shimakage, Shigehito Mikia, Ken’ichi Takahashia, Daisuke Fujiwara, Yukio Moriia, Kiichi Hojoua, Nobuo Niimuraa.pdf:pdf},
journal = {Nuclear Instruments and Methods in Physics Research},
keywords = {meander line,mgb 2 thin films,superconducting electronics},
pages = {405--408},
title = {{Nanofabrication of superconducting MgB2 neutron detector}},
volume = {529},
year = {2004}
}
@article{crec2,
annote = {
        From Duplicate 1 ( 
        
        
          Growth and Properties of Superconducting MgB2 Thin Films
        
        
         - Naito, Michio; Ueda, Kenji )

        
        

        From Duplicate 2 ( 
        
        
          Growth and Properties of Superconducting MgB2 Thin Films
        
        
         - Naito, Michio; Ueda, Kenji )

        
        
ref 7 diagramas de fase
ref 4,5 efecto isotopico
ref 9,10 efecto de la presi\'{o}n
ref 11, 12 densidad de estados
ref 13, 14, 23, 24 calculo de bandas
ref 17,18 calor especifico -> dos bandas
ref 19 long de penetracion
ref 44 sustratos

        

        

        

        From Duplicate 2 ( 
        
        
          Growth and Properties of Superconducting MgB2 Thin Films
        
        
         - Naito, Michio; Ueda, Kenji )

        
        
ref 7 diagramas de fase
ref 4,5 efecto isotopico
ref 9,10 efecto de la presi\'{o}n
ref 11, 12 densidad de estados
ref 13, 14, 23, 24 calculo de bandas
ref 17,18 calor especifico -> dos bandas
ref 19 long de penetracion
ref 44 sustratos

        

      },
archivePrefix = {arXiv},
arxivId = {cond-mat/0402333},
author = {Naito, Michio and Ueda, Kenji},
doi = {10.1088/0953-2048/17/7/R01},
eprint = {0402333},
file = {:home/benattie/Documentos/Mendeley Desktop/Growth and Properties of Superconducting MgB2 Thin Films - Naito, Ueda.pdf:pdf;:home/benattie/Documentos/Mendeley Desktop//Growth and Properties of Superconducting MgB2 Thin Films - Naito, Ueda.pdf:pdf},
issn = {0953-2048},
journal = {Superconductor Science and Technology},
keywords = {Superconductivity},
month = feb,
number = {7},
pages = {48},
primaryClass = {cond-mat},
title = {{Growth and Properties of Superconducting MgB2 Thin Films}},
url = {http://stacks.iop.org/0953-2048/17/i=7/a=R01?key=crossref.1acc5dcdcbab564a86e1cfe6fa09bdc8 http://arxiv.org/abs/cond-mat/0402333},
volume = {17},
year = {2004}
}
