@MISC{tablacalor,
author = {Ivan K. Schuller},
title = {Tabla de conductividades t\'ermicas},
month ={},
year = {},
howpublished={\url{http://10.73.20.101/intranet/index.php/Tablas}}
}

@MISC{tablaconductividad,
author = {Ivan K. Schuller},
title = {Tabla de calores espec\'ificos},
month ={},
year = {},
howpublished={\url{http://10.73.20.101/intranet/index.php/Tablas}}
}

@book{saf,
  title={Experimental Techniques: Cryostat Design, Material Properties and Superconductor Critical-Current Testing},
  author={Ekin, J.},
  isbn={9780198570547},
  lccn={2006010332},
  url={http://books.google.com.ar/books?id=Q9tmZQTDPiYC},
  year={2006},
  publisher={Oxford University Press, USA}
}

@book{seara,
  title={University physics},
  author={Sears, F.W. and Zemansky, M.W.},
  number={v. 2},
  lccn={63015265},
  series={Addison-Wesley series in physics},
  url={http://books.google.es/books?id=zu4yAAAAMAAJ},
  year={1964},
  publisher={Addison-Wesley Pub. Co.}
}

@article{Sicp,
author = {Flubacher, P. and Leadbetter, A. J. and Morrison, J. A.},
title = {The heat capacity of pure silicon and germanium and properties of their vibrational frequency spectra},
journal = {Philosophical Magazine},
volume = {4},
number = {39},
pages = {273-294},
year = {1959},
doi = {10.1080/14786435908233340},

URL = {http://www.tandfonline.com/doi/abs/10.1080/14786435908233340},
eprint = {http://www.tandfonline.com/doi/pdf/10.1080/14786435908233340}
}

@article{verano,
author = {F. Barrabas},
title = {Síntesis y caracterización de películas de MgB$_2$},
journal = {Instituto Balseiro},
volume = {},
number = {},
pages = {},
year = {2011},
doi = {10.1080/14786435908233340},
URL = {},
eprint = {}
}

@article{BCS,
  title = {Theory of Superconductivity},
  author = {Bardeen, J. and Cooper, L. N. and Schrieffer, J. R.},
  journal = {Phys. Rev.},
  volume = {108},
  issue = {5},
  pages = {1175--1204},
  year = {1957},
  month = {Dec},
  doi = {10.1103/PhysRev.108.1175},
  url = {http://link.aps.org/doi/10.1103/PhysRev.108.1175},
  publisher = {American Physical Society}
}
