@book{nye1985physical,
  title={Physical Properties of Crystals: Their Representation by Tensors and Matrices},
  author={Nye, J.F.},
  isbn={9780198511656},
  lccn={gb84033928},
  series={Oxford science publications},
  url={https://books.google.com.ar/books?id=ugwql-uVB44C},
  year={1985},
  publisher={Clarendon Press}
}
