@Book{ squires,
author = { Squires, G. L. },
title = { Introduction to the theory of thermal neutron scattering / G. L. Squires },
isbn = { 0521218845 },
publisher = { Cambridge University Press, Cambridge ; New York : },
pages = { vii, 260 p. : },
year = { 1978 },
type = { Book },
language = { English },
subjects = { Thermal neutrons - Scattering. },
life-dates = { 1978 -  },
catalogue-url = { http://nla.gov.au/nla.cat-vn2391411 },
}

