@article{tes1941,
author = {D. H. Andrews and W. F. Brucksch, Jr. and W. T. Ziegler and E. R. Blanchard},
collaboration = {},
title = {Attenuated Superconductors I. For Measuring Infra-Red Radiation},
publisher = {AIP},
year = {1942},
journal = {Review of Scientific Instruments},
volume = {13},
number = {7},
pages = {281-292},
url = {http://link.aip.org/link/?RSI/13/281/1},
doi = {10.1063/1.1770037}
}



