@article{tes1949,
  title = {The Effect of Alpha-particles on a Superconductor},
  author = {Andrews, D. H. and Fowler, R. D. and Williams, M. C.},
  journal = {Phys. Rev.},
  volume = {76},
  issue = {1},
  pages = {154--155},
  year = {1949},
  month = {Jul},
  doi = {10.1103/PhysRev.76.154.2},
  url = {http://link.aps.org/doi/10.1103/PhysRev.76.154.2},
  publisher = {American Physical Society}
}
