@Article{toftes,
AUTHOR = {Hilton, G C and Martinis, J M and Wollman, D A and Irwin, K D and Dulcie, L L and Gerber, D and Gillevet, P M and Twerenbold, D}
TITLE = {Impact energy measurement in time-of-flight mass spectrometry with cryogenic microcalorimeters.},
JOURNAL = {Nature},
VOLUME = {391},
YEAR = {1998},
NUMBER = {6668},
PAGES = {672-5},
URL = {http://www.biomedsearch.com/nih/Impact-energy-measurement-in-time/9490410.html},
PubMedID = {9490410},
ISSN = {0028-0836},
}
